%YAML 1.1
%TAG !u! tag:unity3d.com,2011:
--- !u!1 &4697132773800219597
GameObject:
  m_ObjectHideFlags: 0
  m_CorrespondingSourceObject: {fileID: 0}
  m_PrefabInstance: {fileID: 0}
  m_PrefabAsset: {fileID: 0}
  serializedVersion: 6
  m_Component:
  - component: {fileID: 1843941718848144359}
  - component: {fileID: 9182636914973444292}
  m_Layer: 0
  m_Name: CancionDeFondo
  m_TagString: Untagged
  m_Icon: {fileID: 0}
  m_NavMeshLayer: 0
  m_StaticEditorFlags: 0
  m_IsActive: 1
--- !u!4 &1843941718848144359
Transform:
  m_ObjectHideFlags: 0
  m_CorrespondingSourceObject: {fileID: 0}
  m_PrefabInstance: {fileID: 0}
  m_PrefabAsset: {fileID: 0}
  m_GameObject: {fileID: 4697132773800219597}
  m_LocalRotation: {x: -0, y: -0, z: -0, w: 1}
  m_LocalPosition: {x: 0, y: 0, z: 0}
  m_LocalScale: {x: 1, y: 1, z: 1}
  m_ConstrainProportionsScale: 0
  m_Children: []
  m_Father: {fileID: 5291826707630957768}
  m_RootOrder: 0
  m_LocalEulerAnglesHint: {x: 0, y: 0, z: 0}
--- !u!114 &9182636914973444292
MonoBehaviour:
  m_ObjectHideFlags: 0
  m_CorrespondingSourceObject: {fileID: 0}
  m_PrefabInstance: {fileID: 0}
  m_PrefabAsset: {fileID: 0}
  m_GameObject: {fileID: 4697132773800219597}
  m_Enabled: 1
  m_EditorHideFlags: 0
  m_Script: {fileID: 11500000, guid: 1b4bd477a320f1149ab2a00a2445da6a, type: 3}
  m_Name: 
  m_EditorClassIdentifier: 
  cancion: 
--- !u!1 &5291826707630957770
GameObject:
  m_ObjectHideFlags: 0
  m_CorrespondingSourceObject: {fileID: 0}
  m_PrefabInstance: {fileID: 0}
  m_PrefabAsset: {fileID: 0}
  serializedVersion: 6
  m_Component:
  - component: {fileID: 5291826707630957768}
  - component: {fileID: 5291826707630957771}
  m_Layer: 0
  m_Name: Gestor de Audio
  m_TagString: Untagged
  m_Icon: {fileID: 0}
  m_NavMeshLayer: 0
  m_StaticEditorFlags: 0
  m_IsActive: 1
--- !u!4 &5291826707630957768
Transform:
  m_ObjectHideFlags: 0
  m_CorrespondingSourceObject: {fileID: 0}
  m_PrefabInstance: {fileID: 0}
  m_PrefabAsset: {fileID: 0}
  m_GameObject: {fileID: 5291826707630957770}
  m_LocalRotation: {x: 0, y: 0, z: 0, w: 1}
  m_LocalPosition: {x: 1.5074656, y: 4.141016, z: -0.23330784}
  m_LocalScale: {x: 1, y: 1, z: 1}
  m_ConstrainProportionsScale: 0
  m_Children:
  - {fileID: 1843941718848144359}
  m_Father: {fileID: 0}
  m_RootOrder: 0
  m_LocalEulerAnglesHint: {x: 0, y: 0, z: 0}
--- !u!114 &5291826707630957771
MonoBehaviour:
  m_ObjectHideFlags: 0
  m_CorrespondingSourceObject: {fileID: 0}
  m_PrefabInstance: {fileID: 0}
  m_PrefabAsset: {fileID: 0}
  m_GameObject: {fileID: 5291826707630957770}
  m_Enabled: 1
  m_EditorHideFlags: 0
  m_Script: {fileID: 11500000, guid: 860eaba8c5a60db408f9a727fa7fe7bc, type: 3}
  m_Name: 
  m_EditorClassIdentifier: 
  sonidos:
  - Nombre: Moneda
    ClipSonido: {fileID: 8300000, guid: 1d021e4f0fc2de64e93b9c4b8f35cf1f, type: 3}
    Volumen: 1
    pitch: 0.5
    repetir: 0
    FuenteAudio: {fileID: 0}
  - Nombre: Escudo
    ClipSonido: {fileID: 8300000, guid: bf8c12bb9eddbef4faaae8113e2a2a44, type: 3}
    Volumen: 1
    pitch: 0.5
    repetir: 0
    FuenteAudio: {fileID: 0}
  - Nombre: "Da\xF1o"
    ClipSonido: {fileID: 8300000, guid: adb70e0b561c4f14e9233ffdd455e19b, type: 3}
    Volumen: 1
    pitch: 0.5
    repetir: 0
    FuenteAudio: {fileID: 0}
  - Nombre: Curacion
    ClipSonido: {fileID: 8300000, guid: 0c8501b0fbeaafc478107d9903c60ed0, type: 3}
    Volumen: 1
    pitch: 0.5
    repetir: 0
    FuenteAudio: {fileID: 0}
  - Nombre: BloquePiso
    ClipSonido: {fileID: 8300000, guid: fce863b4ce1d4ae499a9b6b656ad0945, type: 3}
    Volumen: 1
    pitch: 1
    repetir: 0
    FuenteAudio: {fileID: 0}
  - Nombre: CancionInfinito
    ClipSonido: {fileID: 8300000, guid: fc5af015011ea3745b7f78ea1dd1049f, type: 3}
    Volumen: 0.7
    pitch: 1
    repetir: 1
    FuenteAudio: {fileID: 0}
  - Nombre: CancionMenu
    ClipSonido: {fileID: 8300000, guid: 0ad591428b0c18c4da51fe3bf98dbc63, type: 3}
    Volumen: 0.7
    pitch: 1
    repetir: 1
    FuenteAudio: {fileID: 0}
  - Nombre: CancionNiveles
    ClipSonido: {fileID: 8300000, guid: 559c232a43caebe41870ce54786f604e, type: 3}
    Volumen: 0.7
    pitch: 1
    repetir: 1
    FuenteAudio: {fileID: 0}
